@article{IT-Gesetz_2:2021,
  author  = {},
  journal = {{Bundesgesetzblatt, ausgegeben zu Bonn}},
  title   = {{Zweites Gesetz zur Erh√∂hung der Sicherheit informationstechnischer Systeme*}},
  year    = {2021},
  pages   = {1122 -- 1138},
  note    = {{Teil I Nr. 25}}
}

@article{Review_IEC62351:2019,
  title     = {A review of IEC 62351 security mechanisms for IEC 61850 message exchanges},
  author    = {Hussain, S. M. Suhail and Ustun, Taha Selim and Kalam, Akhtar},
  journal   = {IEEE Transactions on Industrial Informatics},
  volume    = {16},
  number    = {9},
  pages     = {5643 -- 5654},
  year      = {2019},
  publisher = {IEEE}
}

@article{Cybersecurity_Substation:2016,
  title     = {Cyber-security in substation automation systems},
  author    = {Moreira, Naiara and Molina, El{\'\i}as and L{\'a}zaro, Jes{\'u}s and Jacob, Eduardo and Astarloa, Armando},
  journal   = {Renewable and Sustainable Energy Reviews},
  volume    = {54},
  pages     = {1552 -- 1562},
  year      = {2016},
  publisher = {Elsevier}
}

@article{MACsecIndustrialOptimization:2020,
  title     = {Enabling and optimizing MACsec for industrial environments},
  author    = {Lackorzynski, Tim and Garten, Gregor and Huster, Jan S{\"o}nke and K{\"o}psell, Stefan and Haertig, Hermann},
  journal   = {IEEE Transactions on Industrial Informatics},
  volume    = {17},
  number    = {11},
  pages     = {7599--7606},
  year      = {2020},
  publisher = {IEEE}
}

@inproceedings{IEC61850_Overview:2006,
  title        = {{Overview of IEC 61850 and Benefits}},
  author       = {Mackiewicz, Ralph E},
  booktitle    = {2006 IEEE Power Engineering Society General Meeting},
  pages        = {8 -- pp},
  year         = {2006},
  organization = {IEEE}
}

@techreport{IEC61850:2023,
  type        = {International Standard},
  key         = {{IEC 61850}},
  year        = 2023,
  title       = {{IEC 61850:2023 SER Series -- Communication networks and systems for power utility automation -- ALL PARTS}},
  volume      = {8186},
  address     = {Geneva, CH},
  institution = {International Electrotechnical Comission}
}

@misc{NIS-2:2022,
  author = {{Council of European Union}},
  month  = {12},
  title  = {{Directive} ({EU}) 2022/2555 of the {European} {Parliament} and of the {Council} of 14 {December} 2022 on measures for a high common level of cybersecurity across the {Union}, amending {Regulation} ({EU}) No 910/2014 and {Directive} ({EU}) 2018/1972, and repealing {Directive} ({EU}) 2016/1148 ({NIS} 2 {Directive})},
  note   = {{L} 333, p. 80},
  year   = {2022}
}